<record><leader>00000cas a22000007a 4500</leader><controlfield tag="001">9628330</controlfield><controlfield tag="008">830621d18uu1889nyuwr ne      0    0eng d</controlfield><datafield ind1=" " ind2=" " tag="010"><subfield code="a">sn 83030593 </subfield></datafield><datafield ind1=" " ind2=" " tag="040"><subfield code="a">NPU</subfield><subfield code="b">eng</subfield><subfield code="c">NPU</subfield><subfield code="d">OCLCQ</subfield></datafield><datafield ind1=" " ind2=" " tag="042"><subfield code="a">msc</subfield></datafield><datafield ind1="0" ind2="4" tag="245"><subfield code="a">The Hardware price-current.</subfield></datafield><datafield ind1=" " ind2=" " tag="260"><subfield code="a">New York :</subfield><subfield code="b">N.Y. Mercantile Journal Co.</subfield></datafield><datafield ind1=" " ind2=" " tag="300"><subfield code="a">v. :</subfield><subfield code="b">ill. (chiefly advertisements) ;</subfield><subfield code="c">70 cm.</subfield></datafield><datafield ind1=" " ind2=" " tag="310"><subfield code="a">Weekly</subfield></datafield><datafield ind1="1" ind2=" " tag="362"><subfield code="a">Ceased in 1889.</subfield><subfield code="z">Cf. Gregory, Amer. newspapers, 1937.</subfield></datafield><datafield ind1=" " ind2=" " tag="580"><subfield code="a">Other editions or departments available.</subfield></datafield><datafield ind1=" " ind2=" " tag="588"><subfield code="a">Description based on: Vol. 10, whole no. 487; n.s. v. 3, no. 40 (Feb. 1, 1873).</subfield></datafield><datafield ind1=" " ind2=" " tag="752"><subfield code="a">United States</subfield><subfield code="b">New York</subfield><subfield code="c">New York</subfield><subfield code="d">New York.</subfield></datafield><datafield ind1="1" ind2=" " tag="775"><subfield code="t">New York mercantile journal and merchants, manufacturers' and bankers ledger</subfield><subfield code="w">(DLC)sn 83030595</subfield></datafield><datafield ind1="1" ind2=" " tag="775"><subfield code="t">Grocers' price-current</subfield><subfield code="w">(DLC)sn 83030594</subfield></datafield></record>